<record><leader>00000cas a2200000 a 4500</leader><controlfield tag="001">24074087</controlfield><controlfield tag="008">910715d19451973iludn ne      0   a0eng c</controlfield><datafield ind1=" " ind2=" " tag="010"><subfield code="a">sn 91055269 </subfield></datafield><datafield ind1=" " ind2=" " tag="040"><subfield code="a">NVF</subfield><subfield code="b">eng</subfield><subfield code="c">NVF</subfield><subfield code="d">NVF</subfield><subfield code="d">OCLCQ</subfield><subfield code="d">OCLCF</subfield><subfield code="d">NVF</subfield><subfield code="d">OCLCO</subfield></datafield><datafield ind1="1" ind2=" " tag="029"><subfield code="a">AU@</subfield><subfield code="b">000020749273</subfield></datafield><datafield ind1=" " ind2=" " tag="042"><subfield code="a">pcc</subfield></datafield><datafield ind1=" " ind2=" " tag="043"><subfield code="a">n-us-il</subfield></datafield><datafield ind1="0" ind2="0" tag="245"><subfield code="a">Kankakee daily journal.</subfield></datafield><datafield ind1="1" ind2=" " tag="246"><subfield code="i">Published on Sundays as:</subfield><subfield code="a">Kankakee Sunday journal</subfield><subfield code="f">Sept. 23, 1950-Aug. 28, 1973</subfield></datafield><datafield ind1=" " ind2=" " tag="260"><subfield code="a">Kankakee, Ill. :</subfield><subfield code="b">Kankakee Daily Journal Co.,</subfield><subfield code="c">1945-1973.</subfield></datafield><datafield ind1=" " ind2=" " tag="300"><subfield code="a">v.</subfield></datafield><datafield ind1=" " ind2=" " tag="310"><subfield code="a">Daily (except Saturday),</subfield><subfield code="b">Sept. 24, 1950-Aug. 28, 1973</subfield></datafield><datafield ind1=" " ind2=" " tag="321"><subfield code="a">Daily (except Sunday),</subfield><subfield code="b">Sept. 18, 1945-Sept. 22, 1950</subfield></datafield><datafield ind1="0" ind2=" " tag="362"><subfield code="a">93rd year, no. 1 (Sept. 18, 1945)-120th year, no. 262 (Aug. 28, 1973).</subfield></datafield><datafield ind1=" " ind2="0" tag="651"><subfield code="a">Kankakee (Ill.)</subfield><subfield code="v">Newspapers.</subfield></datafield><datafield ind1=" " ind2="7" tag="651"><subfield code="a">Illinois</subfield><subfield code="z">Kankakee.</subfield><subfield code="2">fast</subfield><subfield code="0">(OCoLC)fst01219158</subfield></datafield><datafield ind1=" " ind2="7" tag="655"><subfield code="a">Newspapers.</subfield><subfield code="2">fast</subfield><subfield code="0">(OCoLC)fst01423814</subfield></datafield><datafield ind1=" " ind2=" " tag="752"><subfield code="a">United States</subfield><subfield code="b">Illinois</subfield><subfield code="c">Kankakee</subfield><subfield code="d">Kankakee.</subfield></datafield><datafield ind1="0" ind2="0" tag="780"><subfield code="t">Kankakee Republican-news</subfield><subfield code="w">(DLC)sn 91055268</subfield><subfield code="w">(OCoLC)24073952</subfield></datafield><datafield ind1="0" ind2="0" tag="785"><subfield code="t">Daily journal (Kankakee, Ill.)</subfield><subfield code="w">(DLC)sn 91055270</subfield><subfield code="w">(OCoLC)24074179</subfield></datafield></record>